<?xml version="1.0" encoding="UTF-8"?><collection xmlns="http://www.loc.gov/MARC21/slim"><record><leader>00390nam--2200145-i-4500</leader><controlfield tag="001">000010496</controlfield><controlfield tag="002">20161230</controlfield><controlfield tag="005">20161230201028</controlfield><controlfield tag="008">060222s1000------------r-----000-0-eng-d</controlfield><datafield ind1=" " ind2=" " tag="080"><subfield code="a">621.375.3</subfield></datafield><datafield ind1=" " ind2=" " tag="100"><subfield code="a">Bejan, Ioan</subfield></datafield><datafield ind1=" " ind2=" " tag="245"><subfield code="a">Amplificatorul magnetic in sistemele automate</subfield></datafield><datafield ind1=" " ind2=" " tag="260"><subfield code="a">Bucuresti, Editura Tehnica, 1972 272 P</subfield></datafield><datafield ind1=" " ind2=" " tag="490"><subfield code="a">Colectia Automatica-informatica</subfield></datafield><datafield ind1=" " ind2=" " tag="852"><subfield code="a">37912</subfield></datafield></record></collection>